<?xml version="1.0" encoding="UTF-8"?><collection xmlns="http://www.loc.gov/MARC21/slim"><record><leader>00343nam--2200121-i-4500</leader><controlfield tag="001">000042298</controlfield><controlfield tag="002">20161230</controlfield><controlfield tag="005">20161230201043</controlfield><controlfield tag="008">060222s1000------------r-----000-0-eng-d</controlfield><datafield ind1=" " ind2=" " tag="100"><subfield code="a">Sosin,A</subfield></datafield><datafield ind1=" " ind2=" " tag="245"><subfield code="a">The energy dependence of electron damage in pure and doped copper</subfield></datafield><datafield ind1=" " ind2=" " tag="260"><subfield code="a">Washington,U.S.Atomic Energy Commission, 1963. 26 P</subfield></datafield><datafield ind1=" " ind2=" " tag="852"><subfield code="a">381</subfield></datafield></record></collection>